<?xml version="1.0" encoding="UTF-8" ?>
<marc:collection xmlns:marc="http://www.loc.gov/MARC21/slim" 
xmlns:xsi="http://www.w3.org/2001/XMLSchema-instance" 
xsi:schemaLocation="http://www.loc.gov/MARC21/slim 
http://www.loc.gov/standards/marcxml/schema/MARC21slim.xsd">
  <marc:record>
    <marc:leader>00000nam a2200421 c 4500</marc:leader>
    <marc:controlfield tag="007">cr |||||||||||</marc:controlfield>
    <marc:controlfield tag="007">tu</marc:controlfield>
    <marc:controlfield tag="008">      |2017    au      om    ||| |     u</marc:controlfield>
    <marc:datafield tag="040" ind1=" " ind2=" ">
      <marc:subfield code="a">UBG</marc:subfield>
      <marc:subfield code="b">ger</marc:subfield>
      <marc:subfield code="c">VL-WG-UBG</marc:subfield>
      <marc:subfield code="e">rda</marc:subfield>
    </marc:datafield>
    <marc:datafield tag="044" ind1=" " ind2=" ">
      <marc:subfield code="c">XA-AT</marc:subfield>
    </marc:datafield>
    <marc:datafield tag="100" ind1="1" ind2=" ">
      <marc:subfield code="a">Lendl, Bettina</marc:subfield>
      <marc:subfield code="4">aut</marc:subfield>
    </marc:datafield>
    <marc:datafield tag="245" ind1="0" ind2="0">
      <marc:subfield code="a">Assessment of a pooled mutagenesis protocol to create a comprehensive library of protein variants for protein-protein-interaction studies</marc:subfield>
    </marc:datafield>
    <marc:datafield tag="246" ind1="3" ind2="3">
      <marc:subfield code="a">Assessment of a pooled mutagenesis protocol to create a comprehensive library of protein variants for protein-protein-interaction studies</marc:subfield>
    </marc:datafield>
    <marc:datafield tag="264" ind1=" " ind2="1">
      <marc:subfield code="a">Graz</marc:subfield>
      <marc:subfield code="c">2017</marc:subfield>
    </marc:datafield>
    <marc:datafield tag="336" ind1=" " ind2=" ">
      <marc:subfield code="b">txt</marc:subfield>
    </marc:datafield>
    <marc:datafield tag="337" ind1=" " ind2=" ">
      <marc:subfield code="b">n</marc:subfield>
    </marc:datafield>
    <marc:datafield tag="338" ind1=" " ind2=" ">
      <marc:subfield code="b">nc</marc:subfield>
    </marc:datafield>
    <marc:datafield tag="500" ind1=" " ind2=" ">
      <marc:subfield code="a">Arbeit an der Bibliothek noch nicht eingelangt - Daten nicht geprüft</marc:subfield>
    </marc:datafield>
    <marc:datafield tag="500" ind1=" " ind2=" ">
      <marc:subfield code="a">Abweichender Titel laut Übersetzung des Verfassers/der Verfasserin</marc:subfield>
    </marc:datafield>
    <marc:datafield tag="502" ind1=" " ind2=" ">
      <marc:subfield code="b">Diplomarbeit</marc:subfield>
      <marc:subfield code="c">Karl-Franzens-Universität Graz</marc:subfield>
      <marc:subfield code="d">2017</marc:subfield>
    </marc:datafield>
    <marc:datafield tag="520" ind1=" " ind2=" ">
        <marc:subfield code="a">ger: Proteine sind bedeutende Bestandteile der Zelle. Sie spielen eine wesentliche Rolle in fast allen biologischen Prozessen und funktionieren innerhalb eines Zusammenspiels von Protein-Protein-Wechselwirkungen auch Protein Netzwerk genannt. Kleine Änderungen in der Aminosäuresequenz können der Auslöser für Krebs oder genetisch bedingte Erkrankungen sein. Der Austausch von nur einer einzelnen Aminosäure in der codierenden Region, wobei die durchschnittliche Länge eines Gens etwa 360 Aminosäuren beträgt, ermöglicht 6840 Variationen von nur einem Gen. Solche Veränderungen und deren Auswirkung auf einen bestimmten Phänotyp zu analysieren ist ein großes Ziel von vielen Forscher in diesem Gebiet. Die Analyse von Mutationen in so einer Größenordnung ermöglicht die umfassende mutagene Abfrage, eine Methode kombiniert mit Sequenzierung der nächsten Generation, wobei man die funktionale Konsequenz von 100 000 Varianten in einem Experiment erforschen kann. Die Generierung einer so vielfältigen Bibliothek stellt eine Herausforderung dar. Anstelle von mühsamer Vorarbeit um eine Sammlung von Mutanten zu erhalten oder dann eine sehr einseitige Bibliothek zu haben, greifen viele Wissenschaftler auf die künstliche DNA Mutagenese zurück. Nicking-Mutagenese ermöglicht die Bildung einer wohldefinierten gesättigten Bibliothek für umfassenden mutagene Tests (Wrenbeck et al. 2016). Die Methode ist außerdem sehr zeitsparend, eine Sammlung an Mutanten kann an einem einzigen Tag in einem Gefäß hergestellt werden. Mit dieser Mutagenese Strategie kann möglicherweise die Hürde für große Analysen überwunden werden. In dieser Untersuchung wird die Konstruktion eines Plasmids mit der benötigten 7bp Schnittstelle beschrieben sowie erste Versuche dargestellt um diese Methode im Laboralltag zu verwenden.</marc:subfield>
    </marc:datafield>
    <marc:datafield tag="520" ind1=" " ind2=" ">
      <marc:subfield code="a">eng: Notable components of the cell are proteins. They play a crucial role in almost every biological process and function within a huge interplay of protein-protein-interactions also termed networks. Small changes of the amino acid sequence can be the trigger for diseases like cancer or inherent disorders. Replacing just one single amino acid in the sequence of a coding region– on average a protein is approximately 360 amino acid in length, 6840 different variants of one single gene are possible. A main goal of many researchers in this field is to dissect how such variation in the coding region impact the phenotype of interest in a large dimension. The approach of deep mutational scanning enables probing of mutants on such a large scale. This tool, to probe the functional consequence of hundreds of thousands amino acid variants in one experiment, is often combined with next generation sequencing. The creation of such a diverse library with all possible amino acid changes represents a big challenge. Instead of tedious spadework building up a huge pool of mutants individually, or creating a library which suffers from bias, many researchers revert to synthetic DNA mutagenesis approaches. Recently, nicking mutagenesis was proposed as a method for saturation mutagenesis to generate a well-defined multi-faceted library of amino acid variants for deep mutational scanning (Wrenbeck et al 2016). This technique is more time efficient and the library can be built up in just one pot on a single day. This mutagenic strategy might be the appropriate method to conquer this obstacle for large scale analyses. In this study, we report the construction of a 7-bp BbvCI restriction site plasmid as well as the first attempts to establish this approach in our laboratory.</marc:subfield>
    </marc:datafield>
    <marc:datafield tag="655" ind1=" " ind2="7">
      <marc:subfield code="a">Hochschulschrift</marc:subfield>
      <marc:subfield code="0">(DE-588)4113937-9</marc:subfield>
      <marc:subfield code="2">gnd-content</marc:subfield>
    </marc:datafield>
    <marc:datafield tag="700" ind1="1" ind2=" ">
      <marc:subfield code="4">aut</marc:subfield>
    </marc:datafield>
    <marc:datafield tag="751" ind1=" " ind2=" ">
      <marc:subfield code="a">Graz</marc:subfield>
      <marc:subfield code="0">(DE-588)4021912-4</marc:subfield>
      <marc:subfield code="4">uvp</marc:subfield>
      <marc:subfield code="2">gnd</marc:subfield>
    </marc:datafield>
    <marc:datafield tag="970" ind1="2" ind2=" ">
      <marc:subfield code="d">HS-DIPL</marc:subfield>
    </marc:datafield>
    <marc:datafield tag="971" ind1="1" ind2=" ">
      <marc:subfield code="a">Stelzl, Ulrich</marc:subfield>
    </marc:datafield>
    <marc:datafield tag="971" ind1="3" ind2=" ">
      <marc:subfield code="a">2017-11</marc:subfield>
    </marc:datafield>
    <marc:datafield tag="971" ind1="5" ind2=" ">
      <marc:subfield code="a">Universität Graz</marc:subfield>
      <marc:subfield code="b">Naturwissenschaftliche Fakultät</marc:subfield>
      <marc:subfield code="c">Institut für Pharmazeutische Wissenschaften</marc:subfield>
      <marc:subfield code="0">vls-obvugr-196515</marc:subfield>
    </marc:datafield>
    <marc:datafield tag="971" ind1="7" ind2=" ">
      <marc:subfield code="i">AutorIn stimmte der Freigabe des elektronischen Dokuments nicht zu</marc:subfield>
    </marc:datafield>
    <marc:datafield tag="974" ind1="0" ind2="s">
      <marc:subfield code="F">030</marc:subfield>
      <marc:subfield code="A">a|1urr|||||17</marc:subfield>
    </marc:datafield>
    <marc:datafield tag="974" ind1="0" ind2="s">
      <marc:subfield code="F">050</marc:subfield>
      <marc:subfield code="A">a|a|||||||||||</marc:subfield>
    </marc:datafield>
    <marc:datafield tag="974" ind1="0" ind2="s">
      <marc:subfield code="F">051</marc:subfield>
      <marc:subfield code="A">mu||||||</marc:subfield>
    </marc:datafield>
  </marc:record>
</marc:collection>
